@PREAMBLE{
 "\providecommand{\noopsort}[1]{}" 
 # "\providecommand{\singleletter}[1]{#1}%" 
}

@article{Carleo_2017, 
title={Solving the quantum many-body problem with artificial neural networks}, 
volume={355}, 
ISSN={1095-9203}, 
url={http://dx.doi.org/10.1126/science.aag2302}, 
DOI={10.1126/science.aag2302}, 
number={6325}, 
journal={Science}, 
publisher={American Association for the Advancement of Science (AAAS)}, 
author={Carleo, Giuseppe and Troyer, Matthias}, 
year={2017}, 
month={Feb}, 
pages={602â€“606} 
} 